@misc{googleglass,
  key = "googleglass",
  title = {{Google Glass}},
   note = {\url{http://www.google.com/glass/start/}}
}

@misc{statistics,
  key = "googleglass",
  title = {{Gaming on Mobile Phone Statistics 2011}},
   note = {\url{http://itechvision.blogspot.com/2011/08/gaming-on-mobile-
phone-statistic}}
}

@misc{infographic,
  key = "googleglass",
  title = {{Infographic, Mobile Game statistics}},
   note = {\url{http://www.digitalbuzzblog.com/infographic-mobile- gaming-statistics-stats-2011/ }}
}
@misc{unity,
  key = "unity",
  title = {{Unity3D}},
   note = {\url{http://unity3d.com/}}
}

@misc{lecture,
  key = "lecture",
  title = {{CHI 2014 GlassClass Lecture Notes.}},
   note = {\url{https://docs.google.com/presentation/d/1hoda7iBO7Lv3I_prEKgdg-mP0-Y81e8ueDZ1jCRa0jo/}}
}


@misc{minigame,
  key = "minigame",
  title = {{Glass Mini-Games}},
   note = {\url{http://developers.google.com/glass/samples/mini-games}}
}


@misc{essentialfacts,
  key = "googleglass",
  title = {{Essential facts about the computer and video game industry. Tech. rep., Entertainment Software Association, 2014. }},
   note = {\url{http: //www.theesa.com/facts/pdfs/ESA_EF_2014.pdf.}}
}

@inproceedings{videogame,
 author = {David Pinelle, Nelson Wong, Tadeusz Stach},
 title = {Heuristic evaluation for games: usability principles for video game design.},
 year = {2008},
 publisher = {ACM Press},
 booktitle = {CHI'08},
} 


@inproceedings{mobilegame,
 author = {Hannu Korhonen, Elina M. I. Koivisto},
 title = {Playability heuristics for mobile games.},
 year = {2006},
 publisher = {ACM Press},
 booktitle = {MobileHCI'06},
} 

@inproceedings{bodygame,
 author = {Elena Márquez Segura, Annika Waern, Jin Moen, Carolina Johansson},
 title = {The design space of body games: technological, physical, and social design},
 year = {2013},
 publisher = {ACM Press},
 booktitle = {CHI'13},
} 

@inproceedings{gameflow,
 author = {Penelope Sweetser, Peta Wyeth},
 title = {GameFlow: a model for evaluating player enjoyment in games},
 year = {2005},
 publisher = {ACM Press},
 booktitle = {CIE'05},
} 

@inproceedings{argame,
 author = {Richard Wetzel, Rod McCall, Anne-Kathrin Braun, Wolfgang Broll},
 title = {Guidelines for designing augmented reality games},
 year = {2008},
 publisher = {ACM Press},
 booktitle = {Future Play'08},
} 

@inproceedings{wearable,
 author = {Christian Bertelsmeyer, Erik Koch, Alexander H. Schirm},
 title = {A new approach on wearable game design and its evaluation},
 year = {2006},
 publisher = {ACM Press},
 booktitle = {NetGames '06},
} 



@inproceedings{criticalreview,
 author = {Janne Paavilainen},
 title = {Critical review on video game evaluation heuristics: social games perspective},
 year = {2010},
 publisher = {ACM Press},
 booktitle = {Futureplay'10},
} 

@inproceedings{chi04game,
 author = {Desurvire, H., Caplan, M. and Toth, J.A.},
 title = {Using Heuristics to Evaluate the Playability of Games.},
 year = {2004},
 publisher = {ACM Press},
 booktitle = {Proc. of ACM SIGCHI '04 Extended Abstracts},
} 

@inproceedings{09game,
 author = {Desurvire, H. and Wiberg, C.},
 title = {Game Usability Heuristics (PLAY) for Evaluating and Designing Better Games.},
 year = {2009},
 booktitle = {The Next Iteration. Lecture Notes in Computer Science},
} 

@inproceedings{02game,
 author = {Federoff, M.A.},
 title = {Heuristics and Usability Guidelines for the Creation and Evaluation of Fun in Video Games.},
 year = {2002},
 booktitle = {Master’s Thesis. Department of Telecommunications, Master of Science. Indiana University, Indiana.},
} 

@inproceedings{08game,
 author = {Pinelle, D., Wong, N., Stach, T.},
 title = {Heuristic Evaluation for Games: Usability Principles for Video Game Design.},
 year = {2008},
 booktitle = {Proc. of ACM SIGCHI } ,
 }

 @inproceedings{07game,
 author = {Schaffer, N.},
 title = {Heuristics for Usability in Games.},
 year = {2007},
 booktitle = { White Paper. Online: http://www.playerfriendly.com/files/heuristics.pdf } ,
 }

  @inproceedings{mobile06,
 author = {Korhonen, H. and Koivisto},
 title = {Playability Heuristics for Mobile Games},
 year = {2006},
 booktitle = {Proc. of the 8th Conference on Human-Computer Interaction with Mobile Devices and Services} ,
 }


  @inproceedings{mobile08,
 author = {Henry Been-Lirn Duh, Vivian Hsueh Hua Chen, Chee Boon Tan},
 title = {Playing different games on different phones: an empirical study on mobile gaming},
 year = {2008},
 booktitle = {MobileHCI'08} ,
 }

  @inproceedings{icec06,
 author = {Tobias Fritsch, Hartmut Ritter, Jochen Schiller},
 title = {Mobile phone gaming (a follow-up survey of the mobile phone gaming sector and its users)},
 year = {2006},
 booktitle = {ICEC'06} ,
 }


 @inproceedings{movegame,
 author = {Florian Mueller, Katherine Isbister},
 title = {Movement-based game guidelines},
 year = {2014},
 booktitle = {CHI'14} ,
 }



 @inproceedings{neck,
 author = {Edmund LoPresti, David M. Brienza, Jennifer Angelo, Lars Gilbertson, Jonathan Sakai},
 title = {Neck range of motion and use of computer head controls},
 year = {2000},
 booktitle = {Assets '00} ,
 }

@inproceedings{wheel,
 author = {John B. Hinkel},
 title = {Head-guided wheelchair control system},
 year = {2010},
 booktitle = {ASSETS '10} ,
 }

@inproceedings{headdesktop,
 author = {Rainer Malkewitz},
 title = {Head pointing and speech control as a hands-free interface to desktop computing},
 year = {1998},
 booktitle = {ASSETS '98} ,
 }

@inproceedings{tilt,
 author = {Andrew Crossan,Mark McGill,Stephen Brewster,Roderick Murray-Smith},
 title = {Head tilting for interaction in mobile contexts},
 year = {2009},
 booktitle = {MobileHCI'09} ,
 }

@inproceedings{tele,
 author = { Dingyun Zhu ,Tom Gedeon,  Ken Taylor},
 title = {Exploring camera viewpoint control models for a multi-tasking setting in teleoperation},
 year = {2011},
 booktitle = {CHI'11} ,
 }

 @inproceedings{robot,
 author = { Corey Pittman , Joseph J. LaViola, Jr.},
 title = {Exploring head tracked head mounted displays for first person robot teleoperation},
 year = {2014},
 booktitle = {IUI'14} ,
 }

  @inproceedings{viewport,
 author = {Stefan Greuter , David J. Roberts },
 title = {Controlling Viewpoint from Markerless Head Tracking in an Immersive Ball Game Using a Commodity Depth Based Camera},
 year = {2011},
 booktitle = {DS-RT '11} ,
 }

  @inproceedings{headvideo,
 author = {Arun Kulshreshth,Joseph J. LaViola, Jr. },
 title = {Evaluating performance benefits of head tracking in modern video games},
 year = {2013},
 booktitle = {SUI'13} ,
 }



6
[e.g. 6, 7, 12, 19, 38, 41]










@misc{acrobat,
  key = "acrobat",
  title = {{Adobe Acrobat Reader 7}},
   note = {\url{http://www.adobe.com/products/acrobat/}}
}

@article{ethics,
  title = {{Social Impacts of Computing: Codes of Professional Ethics}},
  author = {Ronald E. Anderson},
  doi = "10.1177/089443939201000402",
  journal = "Social Science Computer Review December",
  year = 1992,
  volume = 10,
  number = 4,
  pages = "453-469"
}

@misc{acm_categories,
  key = "association",
  title = {{How to Classify Works Using ACM's Computing Classification System}},
  note = {\url{http://www.acm.org/class/how_to_use.html}},
},

@inproceedings{Klemmer:2002:WSC:503376.503378,
 author = {Klemmer, Scott R. and Thomsen, Michael and Phelps-Goodman, Ethan and Lee, Robert and Landay, James A.},
 title = {Where do web sites come from?: capturing and interacting with design history},
 booktitle = {Proc. CHI 2002},
 year = {2002},
 pages = {1--8},
 publisher = {ACM Press},
} 

@inproceedings{Mather:2000:MUT,
  title = {Making up titles for conference papers},
  author = {Mather, B. D.},
  booktitle = {Ext. Abstracts CHI 2000},
  year = 2000,
  publisher = "ACM Press",
  pages = "1-2",
}

@book{Schwartz:1995:GBF,
  title = {{Guidelines for Bias-Free Writing}},
  author = {Schwartz, Marilyn},
  publisher = {Indiana University Press},
  location = {Bloomington, IN, USA},
  year = 1995,
}

@inproceedings{Zellweger:2001:FAO:504216.504224,
 author = {Zellweger, Polle T. and Bouvin, Niels Olof and Jeh{\o}j, Henning and Mackinlay, Jock D.},
 title = {Fluid annotations in an open world},
 booktitle = {Proc. Hypertext 2001},
 year = {2001},
 pages = {9--18},
 publisher = {ACM Press},
} 




